@article{NameUeda05,
  title="General Purpose Road Traffic Simulation System with a Cell Automaton Model",
  author="M. Namekawa F. Ueda Y. Hioki Y. Ueda A. Satoh",
  journal="Tokyo University",
  volume="",
  number="",
  pages="3002--3008"},
  year="2005"}
},

@article{SewWilMer10,
  title={Continuum Traffic Simulation},
  author={J. Sewall D. Wilkie P. Merrell M. C. Lin},
  journal={EUROGRAPHICS },
  volume={29},
  number={2},
  pages={},
  year={2010}
},


@article{Pursula,
  title="Simulation of Traffic Systems - An Overview",
  author="Matti Pursula",
  journal="Journal of Geographic Information and Decision Analysis",
  volume="29",
  number="3",
  pages="1-8",
  year="1998",
  url= "http://publish.uwo.ca/~jmalczew/gida_5/Pursula/Pursula.html"}

},

@misc{website:SUMO-SimOfUrbMob,
	author = {DLR-Institute of Transportation systems},
	title = {Simulation of Urban Mobility},
	month = {},
	year = {},
	url = {http://www.dlr.de/ts/en/desktopdefault.aspx/tabid-9883/16931_read-41000/}
},

@misc{website:Traffic-Simulation.de,
	author = {Traffic Simulation.de},
	title = {Traffic simulation.de},
	month = {},
	year = {},
	url = {http://www.traffic-simulation.de/}
},

@misc{website:phy-ntnu-traffic-simulation,
	author = {Kelly Liu},
	title = {phy-edu-traffic-simulation},
	month = {},
	year = {},
	url={http://www.phy.ntnu.edu.tw/oldjava/Others/trafficSimulation/applet.html}
},

@misc{website:caliper.com-transmodeler,
	author = {Caliper.com},
	title = {TransModeler},
	month = {},
	year = {},
	url={http://www.caliper.com/transmodeler/Simulation.htm}
},

@article{LeaForkJoin,
	title={A Java Fork/Join Framework},
	author={D. Lea},
	journal={State University of New York },
	year={2000}
},

@misc{website:Oracle-Java-8,
	author = {Oracle Corporation},
	title = {Java 8 overview documentation},
	month = {},
	year = {2014},
	url={http://www.oracle.com/technetwork/java/javase/overview/java8-2100321.html}
},

@misc{website:Apache-Log4j,
	author = {Apache},
	title = {Apache - Log4j documentation},
	month = {},
	year = {2016},
	url={http://logging.apache.org/log4j/2.x/}
},

@book{MartinRC08,
	title = {Clean Code: A handbook of agile software craftmanship},
	author = {Martin, R C.},
	year = {2008},
	publisher = {Prentice Hall},
},

@misc{website:Agile-Manifesto,
	author = {Cunningham M Beck K Martin R Fowler M},
	title = {The Agile Manifesto},
	month = {},
	year = {2001},
	url={http://agilemanifesto.org/}
},

@misc{website:Scrum-Alliance,
	author = {Scrum Alliance},
	title = {Why Scrum?},
	month = {},
	year = {2016},
	url={https://www.scrumalliance.org/why-scrum}
},

@misc{website:Principles-of-OOD,
	author = {Martin R},
	title = {Principles of Object Orientated Design},
	month = {},
	year = {2005},
	url={http://butunclebob.com/ArticleS.UncleBob.PrinciplesOfOod}
},

@misc{website:Intro-TDD,
	author = {Wambler S},
	title = {Introduction to Test Driven Development},
	month = {},
	year = {2013},
	url={http://www.agiledata.org/essays/tdd.html}
},

@misc{website:Oracle-Imm-Obj,
	author = {Oracle Corporation},
	title = {A Guide to Creating Immutable Objects},
	month = {},
	year = {2008},
	url={https://docs.oracle.com/javase/tutorial/essential/concurrency/imstrat.html}
},

@book{HeadFirstFreeman,
	title = {Head First Design Patterns : A Brain Friendly Guide},
	author = {Freeman E. Bates B. Sierra K. Robson E},
	year = {2004},
	publisher = {O'Reilly Media},
},

@misc{website:GovUk,
	author = {Department of Transport},
	title = {Road Traffic Estimates },
	month = {},
	year = {2013},
	url={https://www.gov.uk/government/uploads/system/uploads/attachment_data/file/230528/annual-methodology-note.pdf}
},